@online{thuthesis,
  author          = {薛瑞尼},
  title           = {ThuThesis: 清华大学学位论文模板},
  urldate         = {2019-04-27},
  url             = {https://github.com/xueruini/thuthesis},
  year            = 2017,
}

@inproceedings{cousot1977abstract,
	title={Abstract interpretation: a unified lattice model for static analysis of programs by construction or approximation of fixpoints},
	author={Cousot, Patrick and Cousot, Radhia},
	booktitle={Proceedings of the 4th ACM SIGACT-SIGPLAN symposium on Principles of programming languages},
	pages={238--252},
	year={1977}
}

@inproceedings{cousot1979systematic,
	title={Systematic design of program analysis frameworks},
	author={Cousot, Patrick and Cousot, Radhia},
	booktitle={Proceedings of the 6th ACM SIGACT-SIGPLAN symposium on Principles of programming languages},
	pages={269--282},
	year={1979}
}

@article{张健2019程序分析研究进展,
	title={程序分析研究进展},
	author={张健 and 张超 and 玄跻峰 and 熊英飞 and 王千祥 and 梁彬 and 李炼 and 窦文生 and 陈振邦 and 陈立前 and others},
	journal={软件学报},
	volume={30},
	number={01},
	pages={80--109},
	year={2019}
}

@inproceedings{jeannet2009apron,
	title={Apron: A library of numerical abstract domains for static analysis},
	author={Jeannet, Bertrand and Min{\'e}, Antoine},
	booktitle={International Conference on Computer Aided Verification},
	pages={661--667},
	year={2009},
	organization={Springer}
}

@article{singh2017practical,
	title={A practical construction for decomposing numerical abstract domains},
	author={Singh, Gagandeep and P{\"u}schel, Markus and Vechev, Martin},
	journal={Proceedings of the ACM on Programming Languages},
	volume={2},
	number={POPL},
	pages={1--28},
	year={2017},
	publisher={ACM New York, NY, USA}
}

@article{bagnara2006parma,
	title={The Parma Polyhedra Library: Toward a complete set of numerical abstractions for the analysis and verification of hardware and software systems},
	author={Bagnara, Roberto and Hill, Patricia M and Zaffanella, Enea},
	journal={arXiv preprint cs/0612085},
	year={2006}
}
